@article{wordnet,
  title={WordNet: a lexical database for English},
  author={Miller, George A},
  journal={Communications of the ACM},
  volume={38},
  number={11},
  pages={39--41},
  year={1995},
  publisher={ACM}
}

@inproceedings{howe2009rita,
  title={RiTa: creativity support for computational literature},
  author={Howe, Daniel C},
  booktitle={Proceedings of the seventh ACM conference on Creativity and cognition},
  pages={205--210},
  year={2009},
  organization={ACM}
}

@article{liu2012sentiment,
  title={Sentiment analysis and opinion mining},
  author={Liu, Bing},
  journal={Synthesis lectures on human language technologies},
  volume={5},
  number={1},
  pages={1--167},
  year={2012},
  publisher={Morgan \& Claypool Publishers}
}


% sentiment analysis disagreement:
@inproceedings{davidov2010enhanced,
  title={Enhanced sentiment learning using twitter hashtags and smileys},
  author={Davidov, Dmitry and Tsur, Oren and Rappoport, Ari},
  booktitle={Proceedings of the 23rd international conference on computational linguistics: posters},
  pages={241--249},
  year={2010},
  organization={Association for Computational Linguistics}
}

% sentiment analysis disagreement:
@inproceedings{diakopoulos2010characterizing,
  title={Characterizing debate performance via aggregated twitter sentiment},
  author={Diakopoulos, Nicholas A and Shamma, David A},
  booktitle={Proceedings of the SIGCHI Conference on Human Factors in Computing Systems},
  pages={1195--1198},
  year={2010},
  organization={ACM}
}

@article{nlpbook,
  title={Speech and language processing},
  author={Martin, James H and Jurafsky, Daniel},
  journal={International Edition},
  year={2000}
}

@article{ngrams,
  title={N-gram-based text categorization},
  author={Cavnar, William B and Trenkle, John M and others},
  journal={Ann Arbor MI},
  volume={48113},
  number={2},
  pages={161--175},
  year={1994},
  publisher={Citeseer}
}

@inproceedings{chen_goodman,
  title={An empirical study of smoothing techniques for language modeling},
  author={Chen, Stanley F and Goodman, Joshua},
  booktitle={Proceedings of the 34th annual meeting on Association for Computational Linguistics},
  pages={310--318},
  year={1996},
  organization={Association for Computational Linguistics}
}



@inproceedings{rennie2003bias,
  title={Tackling the poor assumptions of naive bayes text classifiers},
  author={Rennie, Jason D and Shih, Lawrence and Teevan, Jaime and Karger, David R and others},
  booktitle={ICML},
  volume={3},
  pages={616--623},
  year={2003},
  organization={Washington DC)}
}

@article{svm_bias,
  title={Class Imbalance Learning Methods for Support Vector Machines},
  author={Palade, Vasile},
  year={2013}
}